<?xml version="1.0" encoding="UTF-8"?><record xmlns="http://www.loc.gov/MARC21/slim" xmlns:cinclude="http://apache.org/cocoon/include/1.0" xmlns:zs="http://www.loc.gov/zing/srw/">
  <leader>00515nz  a2200145n  4500</leader>
  <controlfield tag="001">no2010139500</controlfield>
  <controlfield tag="003">DLC</controlfield>
  <controlfield tag="005">20100828075530.0</controlfield>
  <controlfield tag="008">100826n| acannaabn           a aaa     c</controlfield>
  <datafield tag="010" ind1=" " ind2=" ">
    <subfield code="a">no2010139500</subfield>
  </datafield>
  <datafield tag="035" ind1=" " ind2=" ">
    <subfield code="a">(OCoLC)oca08605415</subfield>
  </datafield>
  <datafield tag="040" ind1=" " ind2=" ">
    <subfield code="a">MX-MxITA</subfield>
    <subfield code="b">eng</subfield>
    <subfield code="c">MX-MxITA</subfield>
  </datafield>
  <datafield tag="100" ind1="1" ind2=" ">
    <subfield code="a">Castillo Villanueva, Guillermina</subfield>
  </datafield>
  <datafield tag="400" ind1="1" ind2=" ">
    <subfield code="a">Villanueva, Guillermina Castillo</subfield>
  </datafield>
  <datafield tag="670" ind1=" " ind2=" ">
    <subfield code="a">Aldama Herrero, C. La mujer de la tercera edad, perspectivas y necesidades, 1995:</subfield>
    <subfield code="b">t.p. (with the collaboration of Guillermina Castillo Villanueva)</subfield>
  </datafield>
</record>